<?xml version="1.0" encoding="UTF-8"?><collection xmlns="http://www.loc.gov/MARC21/slim"><record><leader>00336nam--2200133-i-4500</leader><controlfield tag="001">000036121</controlfield><controlfield tag="002">20161230</controlfield><controlfield tag="005">20161230201040</controlfield><controlfield tag="008">060222s1000------------r-----000-0-eng-d</controlfield><datafield ind1=" " ind2=" " tag="100"><subfield code="a">Naslin, P</subfield></datafield><datafield ind1=" " ind2=" " tag="245"><subfield code="a">Introduction a la commande optimale</subfield></datafield><datafield ind1=" " ind2=" " tag="260"><subfield code="a">Paris, Dunod, 1966. Xii + 214p</subfield></datafield><datafield ind1=" " ind2=" " tag="490"><subfield code="a">Bibl. De L`Automaticien</subfield></datafield><datafield ind1=" " ind2=" " tag="852"><subfield code="a">22350</subfield></datafield></record></collection>